<collection>
<record>
<leader>09663cpcaa22015857i 4500</leader>
<controlfield tag="001">18220193</controlfield>
<controlfield tag="005">20230608135901.0</controlfield>
<controlfield tag="008">140710i19682014nyu eng </controlfield>
<datafield ind1=" " ind2=" " tag="906">
<subfield code="a">7</subfield>
<subfield code="b">cbc</subfield>
<subfield code="c">orignew</subfield>
<subfield code="d">u</subfield>
<subfield code="e">ncip</subfield>
<subfield code="f">20</subfield>
<subfield code="g">y-folklife</subfield>
</datafield>
<datafield ind1=" " ind2=" " tag="955">
<subfield code="a">hh03 2014-07-10 telework, on order for AFC</subfield>
<subfield code="a">hh03 2014-09-27 telework, updated PO number</subfield>
<subfield code="a">mkru 2015-02-25</subfield>
<subfield code="a">mkru 2017-09-19</subfield>
<subfield code="a">mseg 2018-02-09</subfield>
<subfield code="a">mseg 2018-02-12</subfield>
<subfield code="a">mseg 2019-04-01</subfield>
<subfield code="a">jhock 2021-03-24</subfield>
<subfield code="a">masmit 2021-03-30</subfield>
<subfield code="a">masmit 2021-04-05</subfield>
<subfield code="a">jhock 2021-04-07</subfield>
<subfield code="a">masmit 2021-04-30</subfield>
<subfield code="a">jhock 2021-05-10</subfield>
<subfield code="u">vk40 2022-05-26 Feldman heading</subfield>
</datafield>
<datafield ind1=" " ind2=" " tag="010">
<subfield code="a"> 2015655312</subfield>
</datafield>
<datafield ind1=" " ind2=" " tag="040">
<subfield code="a">DLC</subfield>
<subfield code="b">eng</subfield>
<subfield code="e">dacs</subfield>
<subfield code="c">DLC</subfield>
<subfield code="d">DLC</subfield>
</datafield>
<datafield ind1=" " ind2=" " tag="043">
<subfield code="a">n-us-ny</subfield>
<subfield code="a">n-us---</subfield>
</datafield>
<datafield ind1=" " ind2=" " tag="090">
<subfield code="a">
RAA 62957-62963, RAA 63041-63124 (10 in. reels), RGC 0837-1048, RGC 1068-1069 (DATs); RVA 2158-2163 (U-matic; sound only)
</subfield>
</datafield>
<datafield ind1=" " ind2=" " tag="090">
<subfield code="a">
VAS 4970-5012 (VHS); VAS 5013-5027, VAS 5710, VAS 5810-5817 (Betacam SP); VAS 5028-5040, VAS 5711-5712, VAS 5714-5715, VAS 5717-5719, 5722-5724, 5727-5743, 5754-5757, 5759-5821, VAS 5934-5964, VAS 5972-5991, VAS 5993-6000 (Betacam); VAS 5604-5612, VAS 5713, VAS 5716, VAS 5720-5721,VAS 5725-5726, VAS 5744-5753, VAS 5758, VAS 5822-5934, VAS 5965-5971, VAS 5992 (Betamax); VAS 5613-5709, VAS 7148-7149 (DVCAM); VBY 1181-1220, 6069-6300 (U-matic); VAS 7144 (Hi8); VAS 7147 (MiniDV); VRA 4377-4490 (videoreels)
</subfield>
</datafield>
<datafield ind1=" " ind2=" " tag="090">
<subfield code="a">AFC 2014/044</subfield>
</datafield>
<datafield ind1="0" ind2="0" tag="245">
<subfield code="a">Center for Traditional Music and Dance collection.</subfield>
</datafield>
<datafield ind1=" " ind2=" " tag="260">
<subfield code="c">1968-2015.</subfield>
</datafield>
<datafield ind1=" " ind2=" " tag="300">
<subfield code="a">13,551</subfield>
<subfield code="f">items</subfield>
</datafield>
<datafield ind1=" " ind2=" " tag="300">
<subfield code="3">manuscripts</subfield>
<subfield code="a">4,000</subfield>
<subfield code="f">items</subfield>
</datafield>
<datafield ind1=" " ind2=" " tag="300">
<subfield code="3">graphic materials</subfield>
<subfield code="a">525 photographic prints</subfield>
</datafield>
<datafield ind1=" " ind2=" " tag="300">
<subfield code="3">graphic materials</subfield>
<subfield code="a">604 image files :</subfield>
<subfield code="b">digital, jpg, tif</subfield>
</datafield>
<datafield ind1=" " ind2=" " tag="300">
<subfield code="3">sound recordings</subfield>
<subfield code="a">340 sound tape reels :</subfield>
<subfield code="b">analog ;</subfield>
<subfield code="c">7 in. and 10 in.</subfield>
</datafield>
<datafield ind1=" " ind2=" " tag="300">
<subfield code="3">sound recordings</subfield>
<subfield code="a">277 sound discs (CD-R) :</subfield>
<subfield code="b">digital ;</subfield>
<subfield code="c">4 3/4 in.</subfield>
</datafield>
<datafield ind1=" " ind2=" " tag="300">
<subfield code="3">sound recordings</subfield>
<subfield code="a">212 sound cassettes (DAT) :</subfield>
<subfield code="b">digital</subfield>
</datafield>
<datafield ind1=" " ind2=" " tag="300">
<subfield code="3">sound recordings</subfield>
<subfield code="a">6 sound cassettes (U-matic audio) :</subfield>
<subfield code="b">digital</subfield>
</datafield>
<datafield ind1=" " ind2=" " tag="300">
<subfield code="3">sound recordings</subfield>
<subfield code="a">4,171 audio files :</subfield>
<subfield code="b">digital, wav, mp3</subfield>
</datafield>
<datafield ind1=" " ind2=" " tag="300">
<subfield code="3">moving images</subfield>
<subfield code="a">114 videotape reels (5 in., 7 in.) :</subfield>
<subfield code="b">analog</subfield>
</datafield>
<datafield ind1=" " ind2=" " tag="300">
<subfield code="3">moving images</subfield>
<subfield code="a">272 videocassettes (U-matic video) :</subfield>
<subfield code="b">analog</subfield>
</datafield>
<datafield ind1=" " ind2=" " tag="300">
<subfield code="3">moving images</subfield>
<subfield code="a">195 videocassettes (Betacam) :</subfield>
<subfield code="b">analog</subfield>
</datafield>
<datafield ind1=" " ind2=" " tag="300">
<subfield code="3">moving images</subfield>
<subfield code="a">24 videocassettes (Betacam SP) :</subfield>
<subfield code="b">analog</subfield>
</datafield>
<datafield ind1=" " ind2=" " tag="300">
<subfield code="3">moving images</subfield>
<subfield code="a">172 videocassettes (Betamax) :</subfield>
<subfield code="b">analog</subfield>
</datafield>
<datafield ind1=" " ind2=" " tag="300">
<subfield code="3">moving images</subfield>
<subfield code="a">43 videocassettes (VHS) :</subfield>
<subfield code="b">analog</subfield>
</datafield>
<datafield ind1=" " ind2=" " tag="300">
<subfield code="3">moving images</subfield>
<subfield code="a">373 videocassettes (MiniDV) :</subfield>
<subfield code="b">digital</subfield>
</datafield>
<datafield ind1=" " ind2=" " tag="300">
<subfield code="3">moving images</subfield>
<subfield code="a">97 videocassettes (DVCAM) :</subfield>
<subfield code="b">digital</subfield>
</datafield>
<datafield ind1=" " ind2=" " tag="300">
<subfield code="3">moving images</subfield>
<subfield code="a">10 video discs (DVD) :</subfield>
<subfield code="b">digital ;</subfield>
<subfield code="c">4 3/4 in.</subfield>
</datafield>
<datafield ind1=" " ind2=" " tag="300">
<subfield code="3">moving images</subfield>
<subfield code="a">2,116 video files :</subfield>
<subfield code="b">digital ; mts, m4v, mp4, mov, avi</subfield>
</datafield>
<datafield ind1=" " ind2=" " tag="520">
<subfield code="a">
The collection consists of audio and video recordings, photographs, posters, and handouts related to programming by the Center for Traditional Music and Dance (CTMD) from 1968 to 2015. The CTMD archive is among the largest collections of video, sound recordings, photographs, and ephemera documenting the diversity of New York's immigrant performing arts traditions over the past fifty years. The collection includes hundreds of hours of audio and video recordings, newsletters, fliers, and photographs documenting music and dance of Balkan, Greek, Jewish, Irish American, Puerto Rican, Central Asian, South Asian, Haitian, Chinese, Korean, and other immigrant and ethnic communities including interviews and performances of more than 15 NEA National Heritage Award recipients.
</subfield>
</datafield>
<datafield ind1=" " ind2=" " tag="545">
<subfield code="a">
The Center for Traditional Music and Dance (CTMD) was founded by Martin Koenig as the Balkan Arts Center in 1968. Together with Ethel Raim, Koenig guided its transformation into first, the Ethnic Arts Center in 1981 and then, the Center for Traditional Music and Dance in 1997. The Center assists New York City's immigrant communities in preserving the vitality of their distinctive performing arts traditions and promotes cross-cultural understanding by sharing these art forms with audiences across the city.
</subfield>
</datafield>
<datafield ind1="8" ind2=" " tag="524">
<subfield code="a">
Center for Traditional Music and Dance collection (AFC 2014/044), Archive of Folk Culture, American Folklife Center, Library of Congress, Washington, D.C.
</subfield>
</datafield>
<datafield ind1="0" ind2=" " tag="506">
<subfield code="a">
The Center for Traditional Music and Dance collection is open to research. To request materials, please contact the Folklife Reading Room at
</subfield>
<subfield code="u">http://hdl.loc.gov/loc.afc/folklife.contact</subfield>
</datafield>
<datafield ind1=" " ind2=" " tag="540">
<subfield code="a">
Duplication of collection materials may be governed by copyright and other restrictions.
</subfield>
</datafield>
<datafield ind1=" " ind2=" " tag="541">
<subfield code="a">Center for Traditional Music and Dance;</subfield>
<subfield code="c">Purchase;</subfield>
<subfield code="d">2014.</subfield>
</datafield>
<datafield ind1=" " ind2=" " tag="546">
<subfield code="a">Collection materials are primarily in English.</subfield>
</datafield>
<datafield ind1="0" ind2=" " tag="555">
<subfield code="a">Finding aid is available online</subfield>
<subfield code="u">https://hdl.loc.gov/loc.afc/eadafc.af021006</subfield>
</datafield>
<datafield ind1=" " ind2="0" tag="650">
<subfield code="a">Folk dance music</subfield>
<subfield code="z">New York (State)</subfield>
<subfield code="z">New York.</subfield>
</datafield>
<datafield ind1=" " ind2="0" tag="650">
<subfield code="a">Folk dancing</subfield>
<subfield code="z">New York (State)</subfield>
<subfield code="z">New York.</subfield>
</datafield>
<datafield ind1=" " ind2="0" tag="650">
<subfield code="a">Folk dance music</subfield>
<subfield code="z">United States.</subfield>
</datafield>
<datafield ind1=" " ind2="0" tag="650">
<subfield code="a">Folk festivals</subfield>
<subfield code="z">New York (State)</subfield>
<subfield code="z">New York.</subfield>
</datafield>
<datafield ind1=" " ind2="0" tag="650">
<subfield code="a">Folk dancing, Balkan</subfield>
<subfield code="z">United States.</subfield>
</datafield>
<datafield ind1="1" ind2=" " tag="700">
<subfield code="a">Allen, Ray,</subfield>
<subfield code="e">speaker.</subfield>
</datafield>
<datafield ind1="1" ind2=" " tag="700">
<subfield code="a">Alpert, Michael,</subfield>
<subfield code="e">performer.</subfield>
</datafield>
<datafield ind1="1" ind2=" " tag="700">
<subfield code="a">Ambegaokar, Anjani,</subfield>
<subfield code="e">performer.</subfield>
</datafield>
<datafield ind1="1" ind2=" " tag="700">
<subfield code="a">Berberian, John,</subfield>
<subfield code="e">performer.</subfield>
</datafield>
<datafield ind1="1" ind2=" " tag="700">
<subfield code="a">Bern, Alan,</subfield>
<subfield code="d">1955-</subfield>
<subfield code="e">speaker.</subfield>
</datafield>
<datafield ind1="1" ind2=" " tag="700">
<subfield code="a">Castillo, Pepe,</subfield>
<subfield code="e">performer.</subfield>
</datafield>
<datafield ind1="1" ind2=" " tag="700">
<subfield code="a">Cemal, Kemani,</subfield>
<subfield code="e">performer.</subfield>
</datafield>
<datafield ind1="1" ind2=" " tag="700">
<subfield code="a">Coen, Jack,</subfield>
<subfield code="e">performer.</subfield>
</datafield>
<datafield ind1="1" ind2=" " tag="700">
<subfield code="a">Cohen, John,</subfield>
<subfield code="d">1932-2019,</subfield>
<subfield code="e">performer.</subfield>
</datafield>
<datafield ind1="1" ind2=" " tag="700">
<subfield code="a">Diabaté, Abdoulaye,</subfield>
<subfield code="d">1955-</subfield>
<subfield code="e">performer.</subfield>
</datafield>
<datafield ind1="1" ind2=" " tag="700">
<subfield code="a">Diabate, Mamadou,</subfield>
<subfield code="d">1975-</subfield>
<subfield code="e">performer.</subfield>
</datafield>
<datafield ind1="1" ind2=" " tag="700">
<subfield code="a">Dolan, Brendan,</subfield>
<subfield code="e">performer.</subfield>
</datafield>
<datafield ind1="0" ind2=" " tag="700">
<subfield code="a">Fefita La Grande,</subfield>
<subfield code="e">performer.</subfield>
</datafield>
<datafield ind1="1" ind2=" " tag="700">
<subfield code="a">Feldman, Walter,</subfield>
<subfield code="e">performer.</subfield>
</datafield>
<datafield ind1="1" ind2=" " tag="700">
<subfield code="a">González, Andy,</subfield>
<subfield code="d">1951-2020,</subfield>
<subfield code="e">performer.</subfield>
</datafield>
<datafield ind1="1" ind2=" " tag="700">
<subfield code="a">Greenman, Steven,</subfield>
<subfield code="e">performer.</subfield>
</datafield>
<datafield ind1="1" ind2=" " tag="700">
<subfield code="a">Gutiérrez, Juan,</subfield>
<subfield code="d">1951-</subfield>
<subfield code="e">performer.</subfield>
</datafield>
<datafield ind1="1" ind2=" " tag="700">
<subfield code="a">Golden, Donny,</subfield>
<subfield code="e">performer.</subfield>
</datafield>
<datafield ind1="1" ind2=" " tag="700">
<subfield code="a">Golden, Eileen,</subfield>
<subfield code="e">performer.</subfield>
</datafield>
<datafield ind1="1" ind2=" " tag="700">
<subfield code="a">Gutkin, Lisa,</subfield>
<subfield code="e">performer.</subfield>
</datafield>
<datafield ind1="1" ind2=" " tag="700">
<subfield code="a">Hakmoun, Hassan,</subfield>
<subfield code="e">performer.</subfield>
</datafield>
<datafield ind1="1" ind2=" " tag="700">
<subfield code="a">Halili, Merita,</subfield>
<subfield code="e">performer.</subfield>
</datafield>
<datafield ind1="1" ind2=" " tag="700">
<subfield code="a">Halkias, Periklis,</subfield>
<subfield code="d">1908-2005,</subfield>
<subfield code="e">performer.</subfield>
</datafield>
<datafield ind1="1" ind2=" " tag="700">
<subfield code="a">Hayre, Carlos,</subfield>
<subfield code="e">performer.</subfield>
</datafield>
<datafield ind1="1" ind2=" " tag="700">
<subfield code="a">Hyseni, Raif,</subfield>
<subfield code="e">performer.</subfield>
</datafield>
<datafield ind1="1" ind2=" " tag="700">
<subfield code="a">Kementzides, Ilias,</subfield>
<subfield code="d">1926-2006,</subfield>
<subfield code="e">performer.</subfield>
</datafield>
<datafield ind1="1" ind2=" " tag="700">
<subfield code="a">Ključo, Merima,</subfield>
<subfield code="e">performer.</subfield>
</datafield>
<datafield ind1="1" ind2=" " tag="700">
<subfield code="a">Kolcio, Katja Pylyshenko,</subfield>
<subfield code="e">performer.</subfield>
</datafield>
<datafield ind1="1" ind2=" " tag="700">
<subfield code="a">Kouyate, Djimo,</subfield>
<subfield code="e">performer.</subfield>
</datafield>
<datafield ind1="1" ind2=" " tag="700">
<subfield code="a">Kuinova, Fatima,</subfield>
<subfield code="e">performer.</subfield>
</datafield>
<datafield ind1="1" ind2=" " tag="700">
<subfield code="a">Kytasty, Julian,</subfield>
<subfield code="e">performer.</subfield>
</datafield>
<datafield ind1="1" ind2=" " tag="700">
<subfield code="a">Marković, Boban,</subfield>
<subfield code="e">performer.</subfield>
</datafield>
<datafield ind1="1" ind2=" " tag="700">
<subfield code="a">Min, Xiao-fen,</subfield>
<subfield code="e">performer.</subfield>
</datafield>
<datafield ind1="1" ind2=" " tag="700">
<subfield code="a">Moloney, Mick,</subfield>
<subfield code="d">1944-2022,</subfield>
<subfield code="e">performer.</subfield>
</datafield>
<datafield ind1="1" ind2=" " tag="700">
<subfield code="a">Mulvihill, Brendan,</subfield>
<subfield code="d">1954-</subfield>
<subfield code="e">performer.</subfield>
</datafield>
<datafield ind1="1" ind2=" " tag="700">
<subfield code="a">Mulvihill, Martin,</subfield>
<subfield code="d">1923-</subfield>
<subfield code="e">performer.</subfield>
</datafield>
<datafield ind1="1" ind2=" " tag="700">
<subfield code="a">Nahachewsky, Andriy,</subfield>
<subfield code="e">performer.</subfield>
</datafield>
<datafield ind1="1" ind2=" " tag="700">
<subfield code="a">Popovich, Adam N.,</subfield>
<subfield code="e">performer.</subfield>
</datafield>
<datafield ind1="1" ind2=" " tag="700">
<subfield code="a">Reagon, Bernice Johnson,</subfield>
<subfield code="d">1942-</subfield>
<subfield code="e">performer.</subfield>
</datafield>
<datafield ind1="1" ind2=" " tag="700">
<subfield code="a">Roussos, John,</subfield>
<subfield code="e">performer.</subfield>
</datafield>
<datafield ind1="1" ind2=" " tag="700">
<subfield code="a">Rubin, Joel,</subfield>
<subfield code="d">1955-</subfield>
<subfield code="e">performer.</subfield>
</datafield>
<datafield ind1="1" ind2=" " tag="700">
<subfield code="a">Rushefsky, Pete,</subfield>
<subfield code="e">interviewer.</subfield>
</datafield>
<datafield ind1="1" ind2=" " tag="700">
<subfield code="a">Salina, Eva,</subfield>
<subfield code="e">performer.</subfield>
</datafield>
<datafield ind1="1" ind2=" " tag="700">
<subfield code="a">Schaechter-Gottesman, Beyle,</subfield>
<subfield code="e">performer.</subfield>
</datafield>
<datafield ind1="1" ind2=" " tag="700">
<subfield code="a">Shaheen, Simon,</subfield>
<subfield code="e">performer.</subfield>
</datafield>
<datafield ind1="1" ind2=" " tag="700">
<subfield code="a">Singh, Pritha,</subfield>
<subfield code="e">performer.</subfield>
</datafield>
<datafield ind1="1" ind2=" " tag="700">
<subfield code="a">Statman, Andy,</subfield>
<subfield code="d">1950-</subfield>
<subfield code="e">performer.</subfield>
</datafield>
<datafield ind1="1" ind2=" " tag="700">
<subfield code="a">Strauss, Deborah,</subfield>
<subfield code="e">performer.</subfield>
</datafield>
<datafield ind1="1" ind2=" " tag="700">
<subfield code="a">Sweet, Ralph,</subfield>
<subfield code="e">performer.</subfield>
</datafield>
<datafield ind1="1" ind2=" " tag="700">
<subfield code="a">Tang, Liangxing,</subfield>
<subfield code="e">performer.</subfield>
</datafield>
<datafield ind1="1" ind2=" " tag="700">
<subfield code="a">Tarras, Dave,</subfield>
<subfield code="d">1897-1989,</subfield>
<subfield code="e">performer.</subfield>
</datafield>
<datafield ind1="1" ind2=" " tag="700">
<subfield code="a">Waletzky, Josh,</subfield>
<subfield code="e">performer.</subfield>
</datafield>
<datafield ind1="1" ind2=" " tag="700">
<subfield code="a">Wang, Guowei,</subfield>
<subfield code="e">performer.</subfield>
</datafield>
<datafield ind1="1" ind2=" " tag="700">
<subfield code="a">Yunakov, Yuri,</subfield>
<subfield code="d">1958-</subfield>
<subfield code="e">performer.</subfield>
</datafield>
<datafield ind1="1" ind2=" " tag="700">
<subfield code="a">Koenig, Martin,</subfield>
<subfield code="e">collector,</subfield>
<subfield code="e">creator.</subfield>
</datafield>
<datafield ind1="1" ind2=" " tag="700">
<subfield code="a">Raim, Ethel,</subfield>
<subfield code="e">collector,</subfield>
<subfield code="e">creator.</subfield>
</datafield>
<datafield ind1="2" ind2=" " tag="710">
<subfield code="a">
Center for Traditional Music and Dance (New York, N.Y.),
</subfield>
<subfield code="e">collector.</subfield>
</datafield>
<datafield ind1="2" ind2=" " tag="710">
<subfield code="a">Cheres (Musical group),</subfield>
<subfield code="e">performer.</subfield>
</datafield>
<datafield ind1="2" ind2=" " tag="710">
<subfield code="a">Cherish the Ladies (Musical group),</subfield>
<subfield code="e">performer.</subfield>
</datafield>
<datafield ind1="2" ind2=" " tag="710">
<subfield code="a">Explosion Norteña (Musical group),</subfield>
<subfield code="e">performer.</subfield>
</datafield>
<datafield ind1="2" ind2=" " tag="710">
<subfield code="a">Green Fields of America (Musical group),</subfield>
<subfield code="e">performer.</subfield>
</datafield>
<datafield ind1="2" ind2=" " tag="710">
<subfield code="a">Halkias Family Orchestra,</subfield>
<subfield code="e">performer.</subfield>
</datafield>
<datafield ind1="2" ind2=" " tag="710">
<subfield code="a">Launeddas Ensemble,</subfield>
<subfield code="e">performer.</subfield>
</datafield>
<datafield ind1="2" ind2=" " tag="710">
<subfield code="a">Libre (Musical group),</subfield>
<subfield code="e">performer.</subfield>
</datafield>
<datafield ind1="2" ind2=" " tag="710">
<subfield code="a">McCollough Sons of Thunder (Musical group),</subfield>
<subfield code="e">performer.</subfield>
</datafield>
<datafield ind1="2" ind2=" " tag="710">
<subfield code="a">Merveilles d'Afrique (Dance company),</subfield>
<subfield code="e">performer.</subfield>
</datafield>
<datafield ind1="2" ind2=" " tag="710">
<subfield code="a">Music from China (Musical group),</subfield>
<subfield code="e">performer.</subfield>
</datafield>
<datafield ind1="2" ind2=" " tag="710">
<subfield code="a">New Birth Brass Band,</subfield>
<subfield code="e">performer.</subfield>
</datafield>
<datafield ind1="2" ind2=" " tag="710">
<subfield code="a">Pablo Mayor's Folklore Urbano Orchestra,</subfield>
<subfield code="e">performer.</subfield>
</datafield>
<datafield ind1="2" ind2=" " tag="710">
<subfield code="a">Pleneros de la 21 (Musical group),</subfield>
<subfield code="e">performer.</subfield>
</datafield>
<datafield ind1="2" ind2=" " tag="710">
<subfield code="a">Popovich Brothers,</subfield>
<subfield code="e">performer.</subfield>
</datafield>
<datafield ind1="2" ind2=" " tag="710">
<subfield code="a">Radio Tarifa (Musical group),</subfield>
<subfield code="e">performer.</subfield>
</datafield>
<datafield ind1="2" ind2=" " tag="710">
<subfield code="a">Sexteto Criollo Puertorriqueño,</subfield>
<subfield code="e">performer.</subfield>
</datafield>
<datafield ind1="2" ind2=" " tag="710">
<subfield code="a">Shashmaqam (Musical group),</subfield>
<subfield code="e">performer.</subfield>
</datafield>
<datafield ind1="2" ind2=" " tag="710">
<subfield code="a">Son de la Loma (Musical group),</subfield>
<subfield code="e">performer.</subfield>
</datafield>
<datafield ind1="2" ind2=" " tag="710">
<subfield code="a">Son Primero (Musical group),</subfield>
<subfield code="e">performer.</subfield>
</datafield>
<datafield ind1="2" ind2=" " tag="710">
<subfield code="a">Super Manden (Musical group),</subfield>
<subfield code="e">performer.</subfield>
</datafield>
<datafield ind1="2" ind2=" " tag="710">
<subfield code="a">Viento de Agua (Musical group),</subfield>
<subfield code="e">performer.</subfield>
</datafield>
<datafield ind1="2" ind2=" " tag="710">
<subfield code="a">Wretched Refuse String Band,</subfield>
<subfield code="e">performer.</subfield>
</datafield>
<datafield ind1="2" ind2=" " tag="710">
<subfield code="a">Zlatne Uste Balkan Brass Band,</subfield>
<subfield code="e">performer.</subfield>
</datafield>
<datafield ind1=" " ind2=" " tag="852">
<subfield code="a">Library of Congress</subfield>
<subfield code="b">Archive of Folk Culture, American Folklife Center,</subfield>
<subfield code="e">
101 Independence Ave. S.E., Washington, DC USA 20540-4610
</subfield>
<subfield code="u">http://hdl.loc.gov/loc.afc/folklife.home</subfield>
</datafield>
<datafield ind1="4" ind2="2" tag="856">
<subfield code="3">Finding aid</subfield>
<subfield code="u">https://hdl.loc.gov/loc.afc/eadafc.af021006</subfield>
</datafield>
<datafield ind1=" " ind2=" " tag="923">
<subfield code="a">Purchase</subfield>
<subfield code="d">20140710</subfield>
<subfield code="i">
Correspondence is filed in the Special Correspondence files under "Center for Traditional Music and Dance"
</subfield>
<subfield code="n">318085</subfield>
<subfield code="s">Center for Traditional Music and Dance (CTMD)</subfield>
</datafield>
<datafield ind1=" " ind2=" " tag="985">
<subfield code="a">afc/ead</subfield>
</datafield>
<datafield ind1=" " ind2=" " tag="985">
<subfield code="a">afc/coll</subfield>
</datafield>
</record>
</collection>